<?xml version="1.0" encoding="UTF-8"?>
<collection xmlns="http://www.loc.gov/MARC21/slim">
<record>
  <controlfield tag="001">19317</controlfield>
  <controlfield tag="005">20200420153939.0</controlfield>
  <datafield tag="041" ind1="0" ind2="7">
    <subfield code="a">cze</subfield>
  </datafield>
  <datafield tag="046" ind1=" " ind2=" ">
    <subfield code="k">2004</subfield>
  </datafield>
  <datafield tag="245" ind1="0" ind2="0">
    <subfield code="a">Denní rytmus vylučování kyseliny thiodiglykolové do moči</subfield>
    <subfield code="b">Daily Rhythm of Excretion of Thiodiglykolic Acid in Urine</subfield>
  </datafield>
  <datafield tag="300" ind1=" " ind2=" ">
    <subfield code="a">5 s.</subfield>
  </datafield>
  <datafield tag="520" ind1=" " ind2=" ">
    <subfield code="a">Kyselina thiodiglykolová (TDGA) představuje jeden z metabolitů S-karboxymethylcysteinu a je vylučována močí. Tato kyselina je jednou z mnoha detoxikačních cest lidského organismu.</subfield>
    <subfield code="9">cze</subfield>
  </datafield>
  <datafield tag="520" ind1=" " ind2=" ">
    <subfield code="a">Thiodiglycolic acid (TDGA) represents one of metabolites of S-karboxymethylcysteine and it is excreted in urine. This acid can represent one of many detoxication ways of human organism.</subfield>
    <subfield code="9">eng</subfield>
  </datafield>
  <datafield tag="653" ind1="0" ind2=" ">
    <subfield code="a">thiodiglykolic acid</subfield>
  </datafield>
  <datafield tag="653" ind1="0" ind2=" ">
    <subfield code="a">TDGA</subfield>
  </datafield>
  <datafield tag="653" ind1="0" ind2=" ">
    <subfield code="a">voltammetry</subfield>
  </datafield>
  <datafield tag="655" ind1="7" ind2=" ">
    <subfield code="a">Příspěvky z konference</subfield>
    <subfield code="2">NUŠL typ dokumentu</subfield>
  </datafield>
  <datafield tag="711" ind1="2" ind2=" ">
    <subfield code="a">Moderní elektrochemické metody /24./</subfield>
    <subfield code="c">Jetřichovice (CZ)</subfield>
    <subfield code="d">2004-05-03 / 2004-05-06</subfield>
  </datafield>
  <datafield tag="720" ind1=" " ind2=" ">
    <subfield code="a">Navrátil, Tomáš</subfield>
  </datafield>
  <datafield tag="720" ind1=" " ind2=" ">
    <subfield code="i">Šenholdová, Z.</subfield>
  </datafield>
  <datafield tag="720" ind1=" " ind2=" ">
    <subfield code="i">Heyrovský, Michael</subfield>
  </datafield>
  <datafield tag="720" ind1=" " ind2=" ">
    <subfield code="i">Přistoupilová, K.</subfield>
  </datafield>
  <datafield tag="720" ind1=" " ind2=" ">
    <subfield code="i">Přistoupil, T. I.</subfield>
  </datafield>
  <datafield tag="773" ind1="1" ind2=" ">
    <subfield code="z">80-86238-40-7</subfield>
    <subfield code="t">Moderní elektrochemické metody</subfield>
  </datafield>
  <datafield tag="856" ind1="4" ind2="0">
    <subfield code="z">Odkaz na původní záznam</subfield>
    <subfield code="u">http://hdl.handle.net/11104/0008533</subfield>
  </datafield>
  <datafield tag="856" ind1="4" ind2="0">
    <subfield code="u">http://www.nusl.cz/ntk/nusl-19317</subfield>
    <subfield code="z">PID NUŠL</subfield>
  </datafield>
  <datafield tag="909" ind1="C" ind2="O">
    <subfield code="o">oai:invenio.nusl.cz:19317</subfield>
    <subfield code="p">global</subfield>
  </datafield>
  <datafield tag="970" ind1=" " ind2=" ">
    <subfield code="a">0101066</subfield>
  </datafield>
  <datafield tag="980" ind1=" " ind2=" ">
    <subfield code="a">prispevky_z_konference</subfield>
  </datafield>
  <datafield tag="996" ind1=" " ind2=" ">
    <subfield code="a">Dokument je dostupný v příslušném ústavu Akademie věd ČR.</subfield>
    <subfield code="b">Fulltext is available at the institute of the Academy of Sciences.</subfield>
  </datafield>
  <datafield tag="998" ind1=" " ind2=" ">
    <subfield code="a">ustav_fyzikalni_chemie_j_heyrovskeho</subfield>
  </datafield>
  <datafield tag="999" ind1="C" ind2="1">
    <subfield code="a">CEZ:AV0Z4040901</subfield>
  </datafield>
  <datafield tag="999" ind1="C" ind2="1">
    <subfield code="a">101/02/U111/CZ</subfield>
    <subfield code="b">GIT</subfield>
  </datafield>
</record>
</collection>